<?xml version="1.0" encoding="utf-8"?>
<record xmlns="http://www.loc.gov/MARC21/slim" xmlns:xsi="http://www.w3.org/2001/XMLSchema-instance" xsi:schemaLocation="http://www.loc.gov/MARC21/slim http://www.loc.gov/standards/marcxml/schema/MARC21slim.xsd">
	<leader>     nam a22     Mi 4500</leader>
	<controlfield tag="001">6671</controlfield>
	<controlfield tag="003">aeadna</controlfield>
	<controlfield tag="006">m        d        </controlfield>
	<controlfield tag="007">cr cn |||m|||a</controlfield>
	<controlfield tag="008">220705s1910||||ua ab  eo    a00| 0|ara|d</controlfield>
	<datafield ind1=" " ind2=" " tag="040">
		<subfield code="a">ZYU</subfield>
		<subfield code="b">ara</subfield>
		<subfield code="c">ZYU</subfield>
	</datafield>
	<datafield ind1="0" ind2=" " tag="041">
		<subfield code="a">ara</subfield>
	</datafield>
	<datafield ind1=" " ind2=" " tag="043">
		<subfield code="a">e------</subfield>
		<subfield code="a">n-us---</subfield>
		<subfield code="a">ff-----</subfield>
		<subfield code="a">aw-----</subfield>
	</datafield>
	<datafield ind1=" " ind2="4" tag="050">
		<subfield code="a">D919</subfield>
		<subfield code="b">.I31 1910</subfield>
	</datafield>
	<datafield ind1="1" ind2="4" tag="082">
		<subfield code="a">910.91</subfield>
		<subfield code="b">21</subfield>
	</datafield>
	<datafield ind1="1" ind2=" " tag="100">
		<subfield code="6">880-01</subfield>
		<subfield code="a">Elias, Edward Elias</subfield>
	</datafield>
	<datafield ind1="1" ind2="0" tag="245">
		<subfield code="6">880-02</subfield>
		<subfield code="a">Kitāb mashāhid al-mamālik</subfield>
		<subfield code="h">[electronic resource] :</subfield>
		<subfield code="b">wa-fīhi waṣf Ūrūbā wa-Wilāyāt Amīrikā al-Muttaḥidah wa-Tūnis wa-al-Jazāʼir wa-al-Balqān (ayy Rūmāniyā wa-al-Sirb wa-al-Bulghār) wa-al-Yūnān wa-Sūrīyah wa-Jabal Lubnān /</subfield>
		<subfield code="c">taʼlīf Idwār Ilyās.</subfield>
	</datafield>
	<datafield ind1=" " ind2=" " tag="260">
		<subfield code="6">880-03</subfield>
		<subfield code="a">[al-Qāhirah?] :</subfield>
		<subfield code="b">Maṭbaʻat al-Muqaṭṭam,</subfield>
		<subfield code="c">1910 M.</subfield>
	</datafield>
	<datafield ind1=" " ind2=" " tag="300">
		<subfield code="6">880-04</subfield>
		<subfield code="b">illustrations, maps, portraits ;</subfield>
		<subfield code="c">24 cm</subfield>
		<subfield code="a">online resource (3, 835, 4 pages, 55 unnumbered leaves of plates) :</subfield>
		<subfield code="b">illustrations, maps, portraits</subfield>
	</datafield>
	<datafield ind1=" " ind2=" " tag="500">
		<subfield code="a">Non-Latin script record</subfield>
	</datafield>
	<datafield ind1=" " ind2=" " tag="500">
		<subfield code="a">Part of the Arabic Collections Online (ACO) project, contributed by United Arab Emirates National Archives.</subfield>
	</datafield>
	<datafield ind1=" " ind2=" " tag="533">
		<subfield code="a">Electronic reproduction.</subfield>
		<subfield code="b">New York, N.Y. :</subfield>
		<subfield code="c">New York University,</subfield>
		<subfield code="d">2022.</subfield>
		<subfield code="5">NNU</subfield>
	</datafield>
	<datafield ind1=" " ind2="0" tag="651">
		<subfield code="6">880-05</subfield>
		<subfield code="a">Tunisia</subfield>
		<subfield code="x">Description and travel.</subfield>
	</datafield>
	<datafield ind1=" " ind2="0" tag="651">
		<subfield code="6">880-06</subfield>
		<subfield code="a">Europe</subfield>
		<subfield code="x">Description and travel.</subfield>
	</datafield>
	<datafield ind1=" " ind2="0" tag="651">
		<subfield code="6">880-07</subfield>
		<subfield code="a">United States</subfield>
		<subfield code="x">Description and travel.</subfield>
	</datafield>
	<datafield ind1=" " ind2="0" tag="651">
		<subfield code="6">880-08</subfield>
		<subfield code="a">Algeria</subfield>
		<subfield code="x">Description and travel.</subfield>
	</datafield>
	<datafield ind1=" " ind2="0" tag="651">
		<subfield code="6">880-09</subfield>
		<subfield code="a">Balkan Peninsula</subfield>
		<subfield code="x">Description and travel.</subfield>
	</datafield>
	<datafield ind1=" " ind2="0" tag="651">
		<subfield code="6">880-10</subfield>
		<subfield code="a">Bulgaria</subfield>
		<subfield code="x">Description and travel.</subfield>
	</datafield>
	<datafield ind1=" " ind2="0" tag="651">
		<subfield code="6">880-11</subfield>
		<subfield code="a">Greece</subfield>
		<subfield code="x">Description and travel.</subfield>
	</datafield>
	<datafield ind1=" " ind2="0" tag="651">
		<subfield code="6">880-12</subfield>
		<subfield code="a">Syria</subfield>
		<subfield code="x">Description and travel.</subfield>
	</datafield>
	<datafield ind1=" " ind2="0" tag="651">
		<subfield code="6">880-13</subfield>
		<subfield code="a">Lebanon</subfield>
		<subfield code="x">Description and travel.</subfield>
	</datafield>
	<datafield ind1="2" ind2=" " tag="710">
		<subfield code="a">Abu Dhabi (United Arab Emirates).</subfield>
		<subfield code="b">National Archives.</subfield>
	</datafield>
	<datafield ind1="0" ind2=" " tag="730">
		<subfield code="a">Arabic Collections Online.</subfield>
	</datafield>
	<datafield ind1=" " ind2=" " tag="776">
		<subfield code="6">880-14</subfield>
		<subfield code="a">Mashāid al-Mamālik</subfield>
	</datafield>
	<datafield ind1="0" ind2="8" tag="776">
		<subfield code="i">Print version:</subfield>
		<subfield code="a">Elias, Edward Elias</subfield>
		<subfield code="t">Kitāb mashāhid al-mamālik</subfield>
		<subfield code="w">(aeadna)6671</subfield>
	</datafield>
	<datafield ind1="4" ind2="0" tag="856">
		<subfield code="u">http://hdl.handle.net/2333.1/tx95xj86</subfield>
	</datafield>
	<datafield ind1="1" ind2=" " tag="880">
		<subfield code="6">100-01</subfield>
		<subfield code="a">إلياس، إدوار إلياس.‎</subfield>
	</datafield>
	<datafield ind1="1" ind2="0" tag="880">
		<subfield code="6">245-02</subfield>
		<subfield code="a">كتاب مشاهد الممالك :‎</subfield>
		<subfield code="b">وفيه وصف أوروبا وولايات أمريكا المتحدة وتونس والجزائر والبلقان (أي رومانيا والسرب والبلغار) واليونان وسورية وجبل لبنان /‎</subfield>
		<subfield code="c">تأليف ادوار الياس.‎</subfield>
	</datafield>
	<datafield ind1=" " ind2=" " tag="880">
		<subfield code="6">260-03</subfield>
		<subfield code="a">[القاهره؟] :‎</subfield>
		<subfield code="b">مطبعة المقطم،‎</subfield>
		<subfield code="c">1910 م.‎</subfield>
	</datafield>
	<datafield ind1=" " ind2=" " tag="880">
		<subfield code="6">300-04</subfield>
		<subfield code="a">ج، 835ص، أ-د ،55 ورقة غير مرقمة :‎</subfield>
		<subfield code="b">توضيحيات،خرائط؛‎</subfield>
		<subfield code="c">24 سم‎</subfield>
	</datafield>
	<datafield ind1=" " ind2=" " tag="880">
		<subfield code="6">500-00</subfield>
		<subfield code="a">حالة الكتاب المادية جيدة. مجلّد.‎</subfield>
	</datafield>
	<datafield ind1=" " ind2=" " tag="880">
		<subfield code="6">541-00</subfield>
		<subfield code="a">هدية سمو الشيخ فالح بن ناصر آل ثاني إلى مكتبة مركز الوثائق والدراسات.‎</subfield>
	</datafield>
	<datafield ind1=" " ind2="4" tag="880">
		<subfield code="6">651-05</subfield>
		<subfield code="a">تونس‎</subfield>
		<subfield code="x">وصف ورحلات‎</subfield>
	</datafield>
	<datafield ind1=" " ind2="4" tag="880">
		<subfield code="6">651-06</subfield>
		<subfield code="a">أوربا‎</subfield>
		<subfield code="x">وصف ورحلات‎</subfield>
	</datafield>
	<datafield ind1=" " ind2="4" tag="880">
		<subfield code="6">651-07</subfield>
		<subfield code="a">الولايات المتحدة الأمريكية‎</subfield>
		<subfield code="x">وصف ورحلات‎</subfield>
	</datafield>
	<datafield ind1=" " ind2="4" tag="880">
		<subfield code="6">651-08</subfield>
		<subfield code="a">الجزائر‎</subfield>
		<subfield code="x">وصف ورحلات‎</subfield>
	</datafield>
	<datafield ind1=" " ind2="4" tag="880">
		<subfield code="6">651-09</subfield>
		<subfield code="a">البلقان‎</subfield>
		<subfield code="x">وصف ورحلات‎</subfield>
	</datafield>
	<datafield ind1=" " ind2="4" tag="880">
		<subfield code="6">651-10</subfield>
		<subfield code="a">بلغاريا‎</subfield>
		<subfield code="x">وصف ورحلات‎</subfield>
	</datafield>
	<datafield ind1=" " ind2="4" tag="880">
		<subfield code="6">651-11</subfield>
		<subfield code="a">اليونان‎</subfield>
		<subfield code="x">وصف ورحلات‎</subfield>
	</datafield>
	<datafield ind1=" " ind2="4" tag="880">
		<subfield code="6">651-12</subfield>
		<subfield code="a">سوريا‎</subfield>
		<subfield code="x">وصف ورحلات‎</subfield>
	</datafield>
	<datafield ind1=" " ind2="4" tag="880">
		<subfield code="6">651-13</subfield>
		<subfield code="a">لبنان‎</subfield>
		<subfield code="x">وصف ورحلات‎</subfield>
	</datafield>
	<datafield ind1=" " ind2=" " tag="880">
		<subfield code="6">776-14</subfield>
		<subfield code="a">مشاهد الممالك‎</subfield>
	</datafield>
	<datafield ind1=" " ind2=" " tag="880">
		<subfield code="6">949-00</subfield>
		<subfield code="a">910.91 ا ف  DF  ت‎</subfield>
		<subfield code="w">DDC</subfield>
		<subfield code="i">30018000012195</subfield>
		<subfield code="u">06/24/2003</subfield>
		<subfield code="d">04/26/2010</subfield>
		<subfield code="n">0</subfield>
		<subfield code="t">Book</subfield>
		<subfield code="l">av</subfield>
		<subfield code="m">MAIN</subfield>
		<subfield code="x">RAR</subfield>
	</datafield>
	<datafield ind1=" " ind2=" " tag="959">
		<subfield code="a">NNU</subfield>
		<subfield code="b">WEB</subfield>
		<subfield code="c">GENI</subfield>
		<subfield code="t">0</subfield>
		<subfield code="m">Electronic access</subfield>
		<subfield code="s">01</subfield>
	</datafield>
	<datafield ind1=" " ind2=" " tag="999">
		<subfield code="i">aeadna_6671</subfield>
		<subfield code="s">uaena_aco000104:1</subfield>
		<subfield code="e">(ERROR-880)(ERROR-MISC)</subfield>
		<subfield code="s">uaena_aco000104:1</subfield>
	</datafield>
</record>
